<?xml version="1.0" encoding="UTF-8"?><collection xmlns="http://www.loc.gov/MARC21/slim"><record><leader>00304nam--2200109-i-4500</leader><controlfield tag="001">000006310</controlfield><controlfield tag="002">20161230</controlfield><controlfield tag="005">20161230201026</controlfield><controlfield tag="008">060222s1000------------r-----000-0-eng-d</controlfield><datafield ind1=" " ind2=" " tag="100"><subfield code="a">Baker R.M.L, Makemson M.W</subfield></datafield><datafield ind1=" " ind2=" " tag="260"><subfield code="a">Washington, D.C., 1961, Oroceedings. Edited By Wien, Springer Verlag, 1963</subfield></datafield><datafield ind1=" " ind2=" " tag="852"><subfield code="a">18722</subfield></datafield></record></collection>